@inproceedings{englehardt2016online,
  title={Online tracking: A 1-million-site measurement and analysis},
  author={Englehardt, Steven and Narayanan, Arvind},
  booktitle={Proceedings of the 2016 ACM SIGSAC conference on computer and communications security},
  pages={1388--1401},
  year={2016}
}
@article{hoofnagle2010different,
  title={How different are young adults from older adults when it comes to information privacy attitudes and policies?},
  author={Hoofnagle, Chris Jay and King, Jennifer and Li, Su and Turow, Joseph},
  journal={Available at SSRN 1589864},
  year={2010}
}
@inproceedings{hannak2013measuring,
  title={Measuring personalization of web search},
  author={Hannak, Aniko and Sapiezynski, Piotr and Molavi Kakhki, Arash and Krishnamurthy, Balachander and Lazer, David and Mislove, Alan and Wilson, Christo},
  booktitle={Proceedings of the 22nd international conference on World Wide Web},
  pages={527--538},
  year={2013}
}
@article{narayanan2010myths,
  title={Myths and fallacies of" personally identifiable information"},
  author={Narayanan, Arvind and Shmatikov, Vitaly},
  journal={Communications of the ACM},
  volume={53},
  number={6},
  pages={24--26},
  year={2010},
  publisher={ACM New York, NY, USA}
}
@article{schelter2018ubiquity,
title={On the ubiquity of web tracking: Insights from a billion-page web crawl},
author={Schelter, Sebastian and Kunegis, J{\'e}r{\^o}me},
journal={The Journal of Web Science},
volume={4},
year={2018}
}
